<?xml version="1.0" encoding="UTF-8"?><collection xmlns="http://www.loc.gov/MARC21/slim"><record><leader>00528nam--2200193-i-4500</leader><controlfield tag="001">000036406</controlfield><controlfield tag="002">20161230</controlfield><controlfield tag="005">20161230201040</controlfield><controlfield tag="008">060222s1000------------r-----000-0-rum-d</controlfield><datafield ind1=" " ind2=" " tag="040"><subfield code="a">IFIN-HH</subfield></datafield><datafield ind1=" " ind2=" " tag="041"><subfield code="a">rum</subfield></datafield><datafield ind1=" " ind2=" " tag="080"><subfield code="a">620.1(076)</subfield></datafield><datafield ind1="1" ind2=" " tag="100"><subfield code="a">Posea, N. /S.A.</subfield></datafield><datafield ind1="1" ind2="0" tag="245"><subfield code="a">Rezistenta materialelor, probleme</subfield><subfield code="c">N. posea, al anghel, c. manea, gh. hotea</subfield></datafield><datafield ind1=" " ind2=" " tag="260"><subfield code="a">Bucuresti</subfield><subfield code="b">Editura Stiintifica Si Enciclopedica</subfield><subfield code="c">1986</subfield></datafield><datafield ind1=" " ind2=" " tag="300"><subfield code="a">976P</subfield></datafield><datafield ind1="1" ind2=" " tag="700"><subfield code="a">Hotea, Gh</subfield></datafield><datafield ind1=" " ind2=" " tag="852"><subfield code="a">73407</subfield><subfield code="c">539.4</subfield></datafield><datafield ind1=" " ind2=" " tag="CAT"><subfield code="a">Sys</subfield><subfield code="c">20130129</subfield><subfield code="h">173025</subfield></datafield></record></collection>